@article{Krishnan1980,
author = {Krishnan, R. and Binkley, J. S. and Seeger, R. and Pople, J. A.},
doi = {10.1063/1.438955},
file = {:Users/shaoy/Library/Application Support/Mendeley Desktop/Downloaded/Krishnan et al. - 1980 - Self-consistent molecular orbital methods. XX. A basis set for correlated wave functions.pdf:pdf},
issn = {00219606},
journal = {J. Chem. Phys.},
keywords = {6-311++G**},
mendeley-tags = {6-311++G**},
pages = {650--654},
title = {{Self-Consistent Molecular Orbital Methods. XX. A Basis Set for Correlated Wave Functions}},
url = {http://scitation.aip.org/content/aip/journal/jcp/72/1/10.1063/1.438955},
volume = {72},
year = {1980}
}

