@article{Stanton1993,
author = {Stanton, John F and Bartlett, Rodney J},
doi = {10.1063/1.464746},
file = {:Users/shaoy/Desktop/GitHub/literature/excited{\_}states/eom-cc/bartlett{\_}eom{\_}ccsd{\_}93.pdf:pdf},
journal = {J. Chem. Phys.},
pages = {7029--7039},
title = {{The Equation of Motion Coupled-Cluster Method. A Systematic Biorthogonal Approach to Molecular Excitation Energies, Transition Probabilities, and Excited State Properties}},
volume = {98},
year = {1993}
}

