@article{Cisneros2008,
author = {Cisneros, G. Andr{\'{e}}s and Tholander, S N and Parisel, O and Darden, T A and Elking, D and Perera, L and Piquemal, J.-P.},
doi = {10.1002/qua},
file = {:Users/shaoy/Desktop/GitHub/literature/qmmm/electrostatics/Cisernos{\_}damping{\_}08.pdf:pdf},
journal = {Int. J. Quantum Chem.},
keywords = {electrostatics,embedding,force fields,mm,penetration energy,qm},
pages = {1905--1912},
title = {{Simple Formulas for Improved Point-Charge Electrostatics in Classical Force Fields and Hybrid Quantum Mechanical/Molecular Mechanical Embedding}},
volume = {108},
year = {2008}
}

@article{Rackers2016,
author = {Rackers, Joshua A and Wang, Qiantao and Liu, Chengwen and Piquemal, Jean-philip and Ren, Pengyu and Ponder, Jay W},
doi = {10.1039/C6CP06017J},
file = {:Users/shaoy/Desktop/GitHub/literature/classical{\_}force{\_}field/damping/Ponder{\_}charge{\_}penetration{\_}17.pdf:pdf},
issn = {1463-9076},
journal = {Phys. Chem. Chem. Phys.},
pages = {276--291},
publisher = {Royal Society of Chemistry},
title = {{An Optimized Charge Penetration Model for Use with the AMOEBA Force Field}},
url = {http://dx.doi.org/10.1039/C6CP06017J},
volume = {19},
year = {2017}
}

