@article{Closser2015,
author = {Closser, Kristina D and Ge, Qinghui and Mao, Yuezhi and Shao, Yihan and Head-Gordon, Martin},
doi = {10.1021/acs.jctc.5b00703},
file = {:Users/shaoy/Desktop/GitHub/literature/excited{\_}states/fragmentation/mhg{\_}almo{\_}cis{\_}15.pdf:pdf},
journal = {J. Chem. Theory Comput.},
pages = {5791--5803},
title = {{Superposition of Fragment Excitations for Excited States of Large Clusters with Application to Helium Clusters}},
volume = {11},
year = {2015}
}

@article{Liu2015b,
author = {Liu, Jie and Herbert, John M},
file = {:Users/shaoy/Desktop/GitHub/literature/excited{\_}states/fragmentation/herbert{\_}tddft{\_}mi{\_}2015.pdf:pdf},
journal = {J. Chem. Phys.},
pages = {034106},
title = {{An Efficient and Accurate Approximation to Time-Dependent Density Functional Theory for Systems of Weakly Coupled Monomers}},
volume = {143},
year = {2015}
}

@article{Gordon2012,
author = {Gordon, M S and Fedorov, D G and Pruitt, S R and Slipchenko, L V},
file = {:Users/shaoy/Dropbox/comp{\_}chem{\_}literature/gordon{\_}efp{\_}12.pdf:pdf},
journal = {Chem. Rev.},
pages = {632--672},
title = {{Fragmentation Methods: A Route to Accurate Calculations on Large Systems}},
volume = {112},
year = {2012}
}

