@article{Warshel2014,
author = {Warshel, Arieh},
doi = {10.1002/anie.201403689},
file = {:Users/shaoy/Desktop/GitHub/literature/qmmm/review/Warshel{\_}multiscale{\_}nobel{\_}14.pdf:pdf},
journal = {Angew. Chem. Int. Ed.},
pages = {10020--10031},
title = {{Multiscale Modeling of Biological Functions: From Enzymes to Molecular Machines}},
volume = {53},
year = {2014}
}

