@article{Andersson1992,
author = {Andersson, Kerstin and Malmqvist, Per {\AA}ke and Roos, Bj{\"{o}}rn O},
doi = {10.1063/1.462209},
file = {:Users/shaoy/Desktop/GitHub/literature/excited{\_}states/cas/roos{\_}caspt2{\_}92.pdf:pdf},
journal = {J. Chem. Phys.},
pages = {1218--1226},
title = {{Second-Order Perturbation Theory With a Complete Active Space Self-Consistent Field Reference Function}},
volume = {96},
year = {1992}
}

@article{Roos1987,
author = {Roos, Bjorn},
file = {:Users/shaoy/Desktop/GitHub/literature/excited{\_}states/cas/roos{\_}casscf{\_}97.pdf:pdf},
journal = {Adv. Chem. Phys.},
pages = {399--445},
title = {{The Complete Active Space Self-Consistent Field Method and Its Applications in Electronic Structure Calculations}},
volume = {69},
year = {1987}
}

