@article{Sanders2015,
author = {Sanders, Jacob N and Andrade, Xavier and Aspuru-Guzik, Alan},
doi = {10.1021/oc5000404},
file = {:Users/shaoy/Dropbox/comp{\_}chem{\_}literature/sanders{\_}compressed{\_}sensing{\_}15.pdf:pdf},
journal = {ACS Cent. Sci.},
pages = {24--32},
title = {{Compressed Sensing for the Fast Computation of Matrices: Application to Molecular Vibrations}},
volume = {1},
year = {2015}
}

