@article{nam_efficient_2005,
	title = {An efficient linear-scaling Ewald method for long-range electrostatic interactions in combined {QM}/{MM} calculations},
	volume = {1},
	pages = {2--13},
	number = {1},
	journaltitle = {J. Chem. Theory Comput.},
	author = {Nam, K. and Gao, J. L. and York, D. M.},
	date = {2005},
}

@article{giese_ambient-potential_2016,
	title = {Ambient-Potential Composite Ewald Method for ab Initio Quantum Mechanical/Molecular Mechanical Molecular Dynamics Simulation},
	volume = {12},
	doi = {10.1021/acs.jctc.6b00198},
	pages = {2611--2632},
	number = {6},
	journaltitle = {J. Chem. Theory Comput.},
	author = {Giese, Timothy J. and York, Darrin M.},
	date = {2016},
}

@article{walker_implementation_2008,
	title = {The implementation of a fast and accurate {QM}/{MM} potential method in Amber},
	volume = {29},
	doi = {10.1002/jcc.20857},
	pages = {1019--1031},
	number = {7},
	journaltitle = {J. Comput. Chem.},
	author = {Walker, Ross C. and Crowley, Michael F. and Case, David A.},
	date = {2008},
}

@article{fang_new_2015,
	title = {A new smoothing function to introduce long-range electrostatic effects in {QM}/{MM} calculations},
	volume = {143},
	doi = {10.1063/1.4926652},
	pages = {044103},
	number = {4},
	journaltitle = {J. Chem. Phys.},
	author = {Fang, Dong and Duke, Robert E. and Cisneros, G. Andr\'{e}s},
	date = {2015},
}

@article{holden_periodic_2013,
	title = {Periodic boundary conditions for {QM}/{MM} calculations: Ewald summation for extended Gaussian basis sets},
	volume = {139},
	doi = {10.1063/1.4850655},
	pages = {244108},
	number = {24},
	journaltitle = {J. Chem. Phys.},
	author = {Holden, Zachary C. and Richard, Ryan M. and Herbert, John M.},
	date = {2013},
}

@incollection{zhou_chapter_2016,
	title = {Chapter Five - Bornâ€“Oppenheimer Ab Initio {QM}/{MM} Molecular Dynamics Simulations of Enzyme Reactions},
	volume = {577},
	series = {Computational Approaches for Studying Enzyme Mechanism Part A},
	pages = {105--118},
	booktitle = {Methods in Enzymology},
	publisher = {Academic Press},
	author = {Zhou, Y. and Wang, S. and Li, Y. and Zhang, Y.},
	editor = {Voth, Gregory A.},
	date = {2016},
}

@article{ojeda-may_isotropic_2014,
	title = {Isotropic Periodic Sum Treatment of Long-Range Electrostatic Interactions in Combined Quantum Mechanical and Molecular Mechanical Calculations},
	volume = {10},
	doi = {10.1021/ct400724d},
	pages = {134--145},
	number = {1},
	journaltitle = {J. Chem. Theory Comput.},
	author = {Ojeda-May, Pedro and Pu, Jingzhi},
	date = {2014},
}

@article{seabra_implementation_2007,
	title = {Implementation of the {SCC}-{DFTB} Method for Hybrid {QM}/{MM} Simulations within the Amber Molecular Dynamics Package},
	volume = {111},
	doi = {10.1021/jp070071l},
	pages = {5655--5664},
	number = {26},
	journaltitle = {J. Phys. Chem. A},
	author = {Seabra, Gustavo de M. and Walker, Ross C. and Elstner, Marcus and Case, David A. and Roitberg, Adrian E.},
	date = {2007},
}
@article{kubar_new_2015,
	title = {New {QM}/{MM} implementation of the {DFTB}3 method in the gromacs package},
	volume = {36},
	doi = {10.1002/jcc.24029},
	pages = {1978--1989},
	number = {26},
	journaltitle = {J. Comput. Chem.},
	author = {Kuba\v{r}, Tom\'{o}\v{s} and Welke, Kai and Groenhof, Gerrit},
	date = {2015},
}
